@Article{mian2010political,
  author  = {Mian, Atif And Sufi, Amir And Trebbi, Francesco},
  journal = {American Economic Review},
  title   = {The political economy of the US mortgage default crisis},
  year    = {2010},
  number  = {5},
  pages   = {1967--98},
  volume  = {100},
}

@Book{persson2005economic,
  author    = {Persson, Torsten And Tabellini, Guido Enrico},
  publisher = {MIT press},
  title     = {The economic effects of constitutions},
  year      = {2005},
}

@incollection{bound2000compulsory,
  title={Do compulsory school attendance laws alone explain the association between quarter of birth and earnings?},
  author={Bound, John and Jaeger, David A},
  booktitle={Research in labor economics},
  year={2000},
  publisher={Emerald Group Publishing Limited}
}


@Article{aidt2006democracy,
  author    = {Aidt, Toke S. And Dutta, Jayasri And Loukoianova, Elena},
  journal   = {European Economic Review},
  title     = {Democracy comes to Europe: franchise extension and fiscal outcomes 1830--1938},
  year      = {2006},
  number    = {2},
  pages     = {249--283},
  volume    = {50},
  publisher = {Elsevier},
}

@Book{de2003het,
  author    = {De Haan, Ido},
  publisher = {Wereldbibliotheek Amsterdam, the Netherlands},
  title     = {Het beginsel van leven en wasdom: de constitutie van de Nederlandse politiek in de negentiende eeuw},
  year      = {2003},
}

@book{de2014ons,
  title={Ons stipje op de waereldkaart: de politieke cultuur van Nederland in de negentiende en twintigste eeuw},
  author={De Rooy, Piet},
  year={2014},
  publisher={Wereldbibliotheek}
}

@book{lijphart2008verzuiling,
  title={Verzuiling, pacificatie en kentering in de Nederlandse politiek},
  author={Lijphart, Arend},
  year={2008},
  publisher={Amsterdam University Press}
}

@article{greene2010testing,
  title={Testing hypotheses about interaction terms in nonlinear models},
  author={Greene, William},
  journal={Economics Letters},
  volume={107},
  number={2},
  pages={291--296},
  year={2010},
  publisher={Elsevier}
}

@PhdThesis{sengers2003zijn,
  author = {Sengers, Erik},
  school = {Katholieke Theologische Universiteit},
  title  = {" Al zijn we katholiek, we zijn Nederlanders": opkomst en verval van de katholieke kerk in Nederland sinds 1795 vanuit rational choice perspectief},
  year   = {2003},
}

@Article{guiso2003people,
  author    = {Guiso, Luigi And Sapienza, Paola And Zingales, Luigi},
  journal   = {Journal of Monetary Economics},
  title     = {People's opium? Religion and economic attitudes},
  year      = {2003},
  number    = {1},
  pages     = {225--282},
  volume    = {50},
  publisher = {Elsevier},
}

@Article{becker2009weber,
  author    = {Becker, Sascha O and Woessmann, Ludger},
  journal   = {The Quarterly Journal of Economics},
  title     = {Was Weber wrong? A human capital theory of Protestant economic history},
  year      = {2009},
  number    = {2},
  pages     = {531--596},
  volume    = {124},
  publisher = {Oxford University Press},
}

@article{lehmann2018does,
  title={Does social security crowd out private savings? the case of bismarck’s system of social insurance},
  author={Lehmann-Hasemeyer, Sibylle and Streb, Jochen},
  journal={European Review of Economic History},
  volume={22},
  number={3},
  pages={298--321},
  year={2018},
  publisher={Oxford University Press}
}


@Article{przeworski2009conquered,
  author    = {Przeworski, Adam},
  journal   = {British Journal of Political Science},
  title     = {Conquered or granted? A history of suffrage extensions},
  year      = {2009},
  number    = {2},
  pages     = {291--321},
  volume    = {39},
  publisher = {Cambridge University Press},
}

@article{corvalan2016political,
  title={The political class and redistributive policies},
  author={Corvalan, Alejandro and Querubin, Pablo and Vicente, Sergio},
  journal={Journal of the European Economic Association},
  year={2016}
}

@article{aidt2019motivates,
  title={What Motivates an Oligarchic Elite to Democratize? Evidence from the Roll Call Vote on the Great Reform Act of 1832},
  author={Aidt, Toke S and Franck, Rapha{\"e}l},
  journal={The Journal of Economic History},
  volume={79},
  number={3},
  pages={773--825},
  year={2019},
  publisher={Cambridge University Press}
}


@Article{wilterdink1984vermogensverhoudingen,
  author  = {Wilterdink, Nico},
  journal = {Ontwikkelingen Sinds De Negentiende Eeuw. De Arbeiderspers, Amsterdam},
  title   = {Vermogensverhoudingen in Nederland},
  year    = {1984},
}

@article{lizzeri2004did,
  title={Why did the elites extend the suffrage? Democracy and the scope of government, with an application to Britain's “Age of Reform”},
  author={Lizzeri, Alessandro and Persico, Nicola},
  journal={The Quarterly Journal of Economics},
  volume={119},
  number={2},
  pages={707--765},
  year={2004},
  publisher={MIT Press}
}

@book{vrankrijker1967belastingen,
  title={Belastingen in Nederland, 1848-1893: de strijd om een modernisering van het stelsel},
  author={Vrankrijker, Adrianus Clemens Johannes},
  year={1967},
  publisher={Bohn}
}

@book{smit2002omwille,
  title={Omwille der billijkheid: de strijd over de invoering van de inkomstenbelasting in Nederland},
  author={Smit, Christine Anne Lidy},
  year={2002},
  publisher={Wereldbibliotheek Amsterdam}
}

@article{piketty2014inequality,
  title={Inequality in the long run},
  author={Piketty, Thomas and Saez, Emmanuel},
  journal={Science},
  volume={344},
  number={6186},
  pages={838--843},
  year={2014},
  publisher={American Association for the Advancement of Science}
}

@Article{piketty2006wealth,
  author  = {Piketty, Thomas And Postel-vinay, Gilles And Rosenthal, Jean-laurent},
  journal = {American Economic Review},
  title   = {Wealth concentration in a developing economy: Paris and France, 1807-1994},
  year    = {2006},
  number  = {1},
  pages   = {236--256},
  volume  = {96},
}

@Article{kleven2016can,
  author    = {Kleven, Henrik Jacobsen And Kreiner, Claus Thustrup And Saez, Emmanuel},
  journal   = {Economica},
  title     = {Why can modern governments tax so much? An agency model of firms as fiscal intermediaries},
  year      = {2016},
  number    = {330},
  pages     = {219--246},
  volume    = {83},
  publisher = {Wiley Online Library},
}

@Misc{persson2000political,
  author    = {Persson, Torsten And Tabellini, Guido And Others},
  title     = {Political economics},
  year      = {2000},
  publisher = {MIT press Cambridge, MA},
}

@Book{cameron2005microeconometrics,
  author    = {Cameron, A. Colin And Trivedi, Pravin K.},
  publisher = {Cambridge university press},
  title     = {Microeconometrics: methods and applications},
  year      = {2005},
}

@article{oster2019unobservable,
  title={Unobservable selection and coefficient stability: Theory and evidence},
  author={Oster, Emily},
  journal={Journal of Business \& Economic Statistics},
  volume={37},
  number={2},
  pages={187--204},
  year={2019},
  publisher={Taylor \& Francis}
}

@Article{altonji2005selection,
  author    = {Altonji, Joseph G. And Elder, Todd E. And Taber, Christopher R.},
  journal   = {Journal of Political Economy},
  title     = {Selection on observed and unobserved variables: Assessing the effectiveness of Catholic schools},
  year      = {2005},
  number    = {1},
  pages     = {151--184},
  volume    = {113},
  publisher = {The University of Chicago Press},
}

@Article{hahn2003weak,
  author  = {Hahn, Jinyong And Hausman, Jerry},
  journal = {American Economic Review},
  title   = {Weak instruments: Diagnosis and cures in empirical econometrics},
  year    = {2003},
  number  = {2},
  pages   = {118--125},
  volume  = {93},
}

@article{bellemare2020elasticities,
  title={Elasticities and the inverse hyperbolic sine transformation},
  author={Bellemare, Marc F and Wichman, Casey J},
  journal={Oxford Bulletin of Economics and Statistics},
  volume={82},
  number={1},
  pages={50--61},
  year={2020},
  publisher={Wiley Online Library}
}

@book{verbeek2008guide,
  title={A guide to modern econometrics},
  author={Verbeek, Marno},
  year={2008},
  publisher={John Wiley \& Sons}
}


@Article{schmitt2007optimal,
  author    = {Schmitt-Groh{\'e}, Stephanie And Uribe, Martin},
  journal   = {Journal of Monetary Economics},
  title     = {Optimal simple and implementable monetary and fiscal rules},
  year      = {2007},
  number    = {6},
  pages     = {1702--1725},
  volume    = {54},
  publisher = {Elsevier},
}

@book{de1999van,
  title={Van standspolitiek naar partijloyaliteit: verkiezingen voor de Tweede Kamer 1848-1887},
  author={De Jong, Ron},
  year={1999},
  publisher={Uitgeverij Verloren}
}

@Article{nunn2014us,
  author  = {Nunn, Nathan And Qian, Nancy},
  journal = {American Economic Review},
  title   = {US food aid and civil conflict},
  year    = {2014},
  number  = {6},
  pages   = {1630--66},
  volume  = {104},
}


@article{acemoglu2000did,
  title={Why did the West extend the franchise? Democracy, inequality, and growth in historical perspective},
  author={Acemoglu, Daron and Robinson, James A},
  journal={The Quarterly Journal of Economics},
  volume={115},
  number={4},
  pages={1167--1199},
  year={2000},
  publisher={MIT Press}
}

@PhdThesis{van2018trials,
  author = {Van Riel, Arthur},
  school = {Utrecht University},
  title  = {Trials of Convergence: Prices, markets and industrialization in the Netherlands, 1800-1913},
  year   = {2018},
}

@Book{van2004strictures,
  author    = {Van Zanden, Jan Luiten And Van Riel, Arthur},
  publisher = {Princeton university press},
  title     = {The strictures of inheritance: The Dutch economy in the nineteenth century},
  year      = {2004},
  volume    = {14},
}

@book{dincecco2011political,
  title={Political transformations and public finances: Europe, 1650--1913},
  author={Dincecco, Mark},
  year={2011},
  publisher={Cambridge University Press}
}

@article{dincecco2009fiscal,
  title={Fiscal centralization, limited government, and public revenues in Europe, 1650--1913},
  author={Dincecco, Mark},
  journal={The Journal of Economic History},
  volume={69},
  number={1},
  pages={48--103},
  year={2009},
  publisher={Cambridge University Press}
}

@article{ziblatt2006did,
  title={How did Europe democratize?},
  author={Ziblatt, Daniel},
  journal={World Politics},
  volume={58},
  number={2},
  pages={311--338},
  year={2006},
  publisher={Cambridge University Press}
}

@Book{tilly1998contention,
  author    = {Tilly, Charles And Mcadam, Doug And Giugni, Marco And Goldstone, Jack A. And Gamson, William And Hanagan, Michael And Hispher, Patricia L. And Lyyra, Timo And Melucci, Alberto And Passy, Florence And Others},
  publisher = {Rowman \& Littlefield},
  title     = {From contention to democracy},
  year      = {1998},
}

@article{ziblatt2008does,
  title={Does landholding inequality block democratization?: A test of the “bread and democracy” thesis and the case of prussia},
  author={Ziblatt, Daniel},
  journal={World Politics},
  volume={60},
  number={4},
  pages={610--641},
  year={2008},
  publisher={Cambridge University Press}
}

@article{querubin2016family,
  title={Family and politics: Dynastic persistence in the Philippines},
  author={Querubin, Pablo and others},
  journal={Quarterly Journal of Political Science},
  volume={11},
  number={2},
  pages={151--181},
  year={2016},
  publisher={Now Publishers, Inc.}
}

@article{mendoza2012inequality,
  title={Inequality in democracy: Insights from an empirical analysis of political dynasties in the 15th Philippine Congress},
  author={Mendoza, Ronald U and Beja Jr, Edsel L and Venida, Victor S and Yap, David B},
  journal={Philippine Political Science Journal},
  volume={33},
  number={2},
  pages={132--145},
  year={2012},
  publisher={Taylor \& Francis}
}

@article{dincecco2011warfare,
  title={Warfare, taxation, and political change: Evidence from the Italian Risorgimento},
  author={Dincecco, Mark and Federico, Giovanni and Vindigni, Andrea},
  journal={The Journal of Economic History},
  volume={71},
  number={4},
  pages={887--914},
  year={2011},
  publisher={Cambridge University Press}
}

@TechReport{chapman2020extension,
  author = {Chapman, Jonathan And Others},
  title  = {Extension of the Franchise and Government Expenditure on Public Goods: Evidence from Nineteenth-Century England},
  year   = {2020},
}

@Article{capoccia2010reshaping,
  author  = {Capoccia, Giovanni},
  journal = {Unpublished Manuscript},
  title   = {Reshaping democracy after authoritarianism: Memory, partisanship, and policy responses to neo-Fascist parties in Western Europe},
  year    = {2010},
}

@article{galor2006human,
  title={Das human-kapital: A theory of the demise of the class structure},
  author={Galor, Oded and Moav, Omer},
  journal={The Review of Economic Studies},
  volume={73},
  number={1},
  pages={85--117},
  year={2006},
  publisher={Wiley-Blackwell}
}

@Article{peltzman1985economic,
  author    = {Peltzman, Sam},
  journal   = {American Economic Review},
  title     = {An economic interpretation of the history of congressional voting in the twentieth century},
  year      = {1985},
  number    = {4},
  pages     = {656--675},
  volume    = {75},
  publisher = {JSTOR},
}

@book{turpijn2017mannen,
  title={Mannen van gezag: de uitvinding van de Tweede Kamer 1848-1888},
  author={Turpijn, Jouke},
  year={2017},
  publisher={Wereldbibliotheek}
}

@Article{oomen2020werk,
  author  = {Oomen, Gerrit},
  journal = {Summum Academic Publications},
  title   = {Werk in uitvoering: Het functioneren van de Tweede Kamer tijdens, voor en na de grondwetsherziening (1840-1853)},
  year    = {2020},
}

@article{aidt2013democratization,
  title={Democratization and the size of government: evidence from the long 19th century},
  author={Aidt, Toke S and Jensen, Peter S},
  journal={Public Choice},
  volume={157},
  number={3-4},
  pages={511--542},
  year={2013},
  publisher={Springer}
}

@Article{scheve2012democracy,
  author    = {Scheve, Kenneth And Stasavage, David},
  journal   = {American Political Science Review},
  title     = {Democracy, war, and wealth: lessons from two centuries of inheritance taxation},
  year      = {2012},
  number    = {1},
  pages     = {81--102},
  volume    = {106},
  publisher = {Cambridge University Press},
}

@Article{de1989zorg,
  author  = {De Swaan, Abram},
  journal = {Welzijn, Onderwijs En Gezondheidszorg in Europa En De Verenigde Staten in De Nieuwe Tijd. Amsterdam: Bert Bakker},
  title   = {Zorg en de staat},
  year    = {1989},
}

@article{clark2012after,
  title={After 1848: The European revolution in government},
  author={Clark, Christopher},
  journal={Transactions of the Royal Historical Society},
  volume={22},
  pages={171--197},
  year={2012},
  publisher={Cambridge University Press}
}


@Article{aidt2017open,
  author    = {Aidt, Toke S. And Jensen, Peter S.},
  journal   = {Comparative Political Studies},
  title     = {From open to secret ballot: Vote buying and modernization},
  year      = {2017},
  number    = {5},
  pages     = {555--593},
  volume    = {50},
  publisher = {SAGE Publications Sage CA: Los Angeles, CA},
}

@Article{martinez2017non,
  author    = {Martinez-bravo, Monica And Mukherjee, Priya And Stegmann, Andreas},
  journal   = {Econometrica},
  title     = {The non-democratic roots of elite capture: Evidence from Soeharto mayors in Indonesia},
  year      = {2017},
  number    = {6},
  pages     = {1991--2010},
  volume    = {85},
  publisher = {Wiley Online Library},
}

@book{magraw1986france,
  title={France, 1815-1914: the bourgeois century},
  author={Magraw, Roger},
  year={1986},
  publisher={Oxford University Press on Demand}
}


@Article{aidtorigins,
  author  = {Aidt, Toke S. And Lacroix, Jean And M{\'e}on, Pierre-guillaume},
  journal = {Working Paper},
  title   = {The Origins of Elite Persistence: Evidence from Political Purges in post-World War II France},
  year    = {2021},
}


@TechReport{thompson2019becomes,
  author      = {Thompson, Daniel M. And Feigenbaum, James J. And Hall, Andrew B. And Yoder, Jesse},
  institution = {National Bureau of Economic Research},
  title       = {Who becomes a member of Congress? Evidence from de-anonymized census data},
  year        = {2019},
}

@Book{smits2000dutch,
  author    = {Smits, Jan Pieter Herman And Horlings, Edwin And Zanden, Jan Luiten And Others},
  publisher = {Citeseer},
  title     = {Dutch GNP and its components, 1800-1913},
  year      = {2000},
}

@Book{van1916schets,
  author    = {Van Welderen Rengers, Wilco Julius And Romeijn, H. J.},
  publisher = {M. Nijhoff},
  title     = {Schets eener parlementaire geschiedenis van Nederland},
  year      = {1916},
}

@book{lijphart1975politics,
  title={The politics of accommodation: Pluralism and democracy in the Netherlands},
  author={Lijphart, Arend},
  volume={142},
  year={1975},
  publisher={Univ of California Press}
}

@book{secker1991ministers,
  title={Ministers in beeld: de sociale en functionele herkomst van de Nederlandse ministers (1848-1990)},
  author={Secker, Wilhelmina Petronella},
  year={1991},
  publisher={DSWO Press, Rijksuniversiteit Leiden}
}


@Book{van1983toegang,
  author    = {Van Den Berg, Johannes T.},
  publisher = {Van Holkema \& Warendorf},
  title     = {De toegang tot het Binnenhof: de maatschappelijke herkomst van de Tweede-Kamerleden tussen 1849 en 1970},
  year      = {1983},
}

@Book{van1999eerste,
  author    = {Van Den Braak, Bert},
  publisher = {Rijksuniversiteit Leiden},
  title     = {De Eerste Kamer: geschiedenis, samenstelling en betekenis 1815-1995},
  year      = {1999},
}

@book{moes2012onder,
  title={Onder aristocraten: over hegemonie, welstand en aanzien van adel, patriciaat en andere notabelen in Nederland, 1848-1914},
  author={Moes, Jaap},
  volume={9},
  year={2012},
  publisher={Uitgeverij Verloren}
}

@book{rooy2014ons,
  title={Ons stipje op de waereldkaart: de politieke cultuur van Nederland in de negentiende en twintigste eeuw},
  author={Rooy, Pieter},
  year={2014},
  publisher={Wereldbibliotheek}
}

@article{dower2020democratization,
  title={Democratization as a continuous choice: A comment on acemoglu and robinson’s correction to “why did the west extend the franchise?”},
  author={Dower, Paul Casta{\~n}eda and Finkel, Evgeny and Gehlbach, Scott and Nafziger, Steven},
  journal={The Journal of Politics},
  volume={82},
  number={2},
  pages={776--780},
  year={2020},
  publisher={The University of Chicago Press Chicago, IL}
}


@Article{liz2001provision,
  author  = {Lizzeri, Alessandro And Persico, Nicola},
  journal = {American Economic Review},
  title   = {The Provision of Public Goods under Alternative Electoral Incentives},
  year    = {2001},
  month   = mar,
  number  = {1},
  pages   = {225--239},
  volume  = {91},
  doi     = {10.1257/aer.91.1.225},
  url     = {https://www.aeaweb.org/articles?id=10.1257/aer.91.1.225},
}

@Article{aidt2014workers,
  author    = {Aidt, Toke S. And Jensen, Peter S.},
  journal   = {European Economic Review},
  title     = {Workers of the world, unite! Franchise extensions and the threat of revolution in Europe, 1820--1938},
  year      = {2014},
  pages     = {52--75},
  volume    = {72},
  publisher = {Elsevier},
}

@phdthesis{peeters2021small,
  title={Small Firms, Politics, and Credit in the Netherlands: 1900-1980},
  author={Peeters, Ruben Leo Maria},
  year={2021},
  school={Utrecht University}
}


@article{jorda2019rate,
  title={The rate of return on everything, 1870--2015},
  author={Jord{\`a}, {\`O}scar and Knoll, Katharina and Kuvshinov, Dmitry and Schularick, Moritz and Taylor, Alan M},
  journal={The Quarterly Journal of Economics},
  volume={134},
  number={3},
  pages={1225--1298},
  year={2019},
  publisher={Oxford University Press}
}

@article{llavador2005partisan,
  title={Partisan competition, growth, and the franchise},
  author={Llavador, Humberto and Oxoby, Robert J},
  journal={The Quarterly Journal of Economics},
  volume={120},
  number={3},
  pages={1155--1189},
  year={2005},
  publisher={MIT Press}
}

@article{acemoglu2008oligarchic,
  title={Oligarchic versus democratic societies},
  author={Acemoglu, Daron},
  journal={Journal of the European Economic Association},
  volume={6},
  number={1},
  pages={1--44},
  year={2008},
  publisher={Oxford University Press}
}

@Article{acemoglu2008persistence,
  author  = {Acemoglu, Daron And Robinson, James A.},
  journal = {American Economic Review},
  title   = {Persistence of power, elites, and institutions},
  year    = {2008},
  number  = {1},
  pages   = {267--93},
  volume  = {98},
}

@article{peltzman1984constituent,
  title={Constituent interest and congressional voting},
  author={Peltzman, Sam},
  journal={The Journal of Law and Economics},
  volume={27},
  number={1},
  pages={181--210},
  year={1984},
  publisher={The University of Chicago Press}
}

@Article{aidt2015democratization,
  author    = {Aidt, Toke S. And Franck, Rapha{\"e}l},
  journal   = {Econometrica},
  title     = {Democratization under the threat of revolution: Evidence from the Great Reform Act of 1832},
  year      = {2015},
  number    = {2},
  pages     = {505--547},
  volume    = {83},
  publisher = {Wiley Online Library},
}

@article{corvalan2020political,
  title={The political class and redistributive policies},
  author={Corvalan, Alejandro and Querub{\'\i}n, Pablo and Vicente, Sergio},
  journal={Journal of the European Economic Association},
  volume={18},
  number={1},
  pages={1--48},
  year={2020},
  publisher={Oxford University Press}
}

@article{aidt2010retrenchment,
  title={The retrenchment hypothesis and the extension of the franchise in England and Wales},
  author={Aidt, Toke S and Daunton, Martin and Dutta, Jayasri},
  journal={The Economic Journal},
  volume={120},
  number={547},
  pages={990--1020},
  year={2010},
  publisher={Oxford University Press Oxford, UK}
}

@Article{ferejohn1986incumbent,
  author    = {Ferejohn, John},
  journal   = {Public Choice},
  title     = {Incumbent performance and electoral control},
  year      = {1986},
  number    = {1},
  pages     = {5--25},
  volume    = {50},
  publisher = {Springer},
}

@Article{barro1973control,
  author    = {Barro, Robert J},
  journal   = {Public Choice},
  title     = {The control of politicians: an economic model},
  year      = {1973},
  pages     = {19--42},
  publisher = {JSTOR},
}

@Article{levitt1996senators,
  author    = {Levitt, Steven D},
  journal   = {American Economic Review},
  title     = {How do senators vote? Disentangling the role of voter preferences, party affiliation, and senator ideology},
  year      = {1996},
  pages     = {425--441},
  publisher = {JSTOR},
}


@Article{kalt1984capture,
  author    = {Kalt, Joseph P and Zupan, Mark A},
  journal   = {American Economic Review},
  title     = {Capture and ideology in the economic theory of politics},
  year      = {1984},
  number    = {3},
  pages     = {279--300},
  volume    = {74},
  publisher = {JSTOR},
}

@article{grossman1996electoral,
  title={Electoral competition and special interest politics},
  author={Grossman, Gene M and Helpman, Elhanan},
  journal={The Review of Economic Studies},
  volume={63},
  number={2},
  pages={265--286},
  year={1996},
  publisher={Wiley-Blackwell}
}

@Article{fisman2014private,
  author    = {Fisman, Raymond And Schulz, Florian And Vig, Vikrant},
  journal   = {Journal of Political Economy},
  title     = {The private returns to public office},
  year      = {2014},
  number    = {4},
  pages     = {806--862},
  volume    = {122},
  publisher = {University of Chicago Press Chicago, IL},
}

@article{tahoun2019personal,
  title={The personal wealth interests of politicians and government intervention in the economy},
  author={Tahoun, Ahmed and Van Lent, Laurence},
  journal={Review of Finance},
  volume={23},
  number={1},
  pages={37--74},
  year={2019},
  publisher={Oxford University Press}
}

@TechReport{ferraz2009motivating,
  author      = {Ferraz, Claudio And Finan, Frederico},
  institution = {NBER},
  title       = {Motivating politicians: The impacts of monetary incentives on quality and performance},
  year        = {2009},
  school      = {National Bureau of Economic Research},
}

@Book{boonstra2003nederland,
  author    = {Boonstra, O. W. A. And Beekink, E. And Engelen, Th L. M. And Knippenberg, Hans},
  publisher = {Amsterdam: Aksant},
  title     = {Nederland in verandering. Maatschappelijke ontwikkelingen in kaart gebracht 1800-2000},
  year      = {2003},
}

@Book{wijne1999vergissing,
  author    = {Wijne, Johan S.},
  publisher = {Uitgeverij Verloren},
  title     = {De" vergissing" van Troelstra},
  year      = {1999},
  volume    = {8},
}

@Article{van1830stakingen,
  author  = {Van Der Velden, Sjaak},
  journal = {Arbeidersstrijd 1830--1995},
  title   = {Stakingen in Nederland},
  year    = {2009},
  pages   = {112},
}


@TechReport{holmstrom1980theory,
  author = {Holmstrom, Bengt},
  title  = {On the theory of delegation},
  year   = {1980},
  school = {Discussion Paper},
}

@Book{van2013eerste,
  author    = {Van Den Berg, J. Th J. And Vis, Jacob Jan},
  publisher = {Prometheus},
  title     = {De eerste honderdvijftig jaar: parlementaire geschiedenis van Nederland, 1796-1946},
  year      = {2013},
}

@Article{murray2006avoiding,
  author  = {Murray, Michael P.},
  journal = {Journal of Economic Perspectives},
  title   = {Avoiding invalid instruments and coping with weak instruments},
  year    = {2006},
  number  = {4},
  pages   = {111--132},
  volume  = {20},
}

@Book{van2000zoeken,
  author    = {Van Gerwen, Jacques And Van Leeuwen, Marco H. D.},
  publisher = {Verbond van Verzekeraars},
  title     = {Zoeken naar zekerheid: risico's, preventie, verzekeringen en andere zekerheidsregelingen in Nederland, 1500-2000},
  year      = {2000},
}

@article{kalt1990apparent,
  title={The apparent ideological behavior of legislators: Testing for principal-agent slack in political institutions},
  author={Kalt, Joseph P and Zupan, Mark A},
  journal={The Journal of Law and Economics},
  volume={33},
  number={1},
  pages={103--131},
  year={1990},
  publisher={The University of Chicago Press}
}

@Book{lindert2004growing,
  author    = {Lindert, Peter H.},
  publisher = {Cambridge University Press},
  title     = {Growing public: Volume 1, the story: Social spending and economic growth since the eighteenth century},
  year      = {2004},
  volume    = {1},
}

@Book{van2018tussen,
  author    = {Van Der Kolk, Henk And Van Schie, Patrick And De Beaufort, Fleur And Van Den Berg, Peter And De Jong, Ron},
  publisher = {Amsterdam University Press},
  title     = {Tussen geschiktheid en grondrecht: de ontwikkeling van het Nederlandse kiesrecht vanaf 1795},
  year      = {2018},
}

@article{fritschy1997history,
  title={A History of the Income Tax in the Netherlands},
  author={Fritschy, Wantje},
  journal={Revue Belge de Philologie et d'histoire},
  volume={75},
  number={4},
  pages={1045--1061},
  year={1997},
  publisher={Soci{\'e}t{\'e} pour le progr{\`e}s des {\'e}tudes philologiques et historiques}
}

@article{jacobs2003van,
  title={Van collaterale impost tot successiebelasting},
  author={Jacobs, BCM},
  journal={WPNR: Weekblad voor privaatrecht, notariaat en registratie},
  volume={6516},
  number={134},
  pages={55--60},
  year={2003}
}

@Book{angrist2008mostly,
  author    = {Angrist, Joshua D. And Pischke, J{\"o}rn-steffen},
  publisher = {Princeton university press},
  title     = {Mostly harmless econometrics: An empiricist's companion},
  year      = {2008},
}

@Book{wooldridge2010econometric,
  author    = {Wooldridge, Jeffrey M.},
  publisher = {MIT press},
  title     = {Econometric analysis of cross section and panel data},
  year      = {2010},
}

@Book{van2011hisclass,
  author    = {Van Leeuwen, Marco H. D. And Maas, Ineke},
  publisher = {Universitaire Pers Leuven},
  title     = {HISCLASS: A historical international social class scheme},
  year      = {2011},
}

@Article{meer2003exploring,
  author    = {Meer, Jonathan And Miller, Douglas L. And Rosen, Harvey S.},
  journal   = {Journal of Health Economics},
  title     = {Exploring the health--wealth nexus},
  year      = {2003},
  number    = {5},
  pages     = {713--730},
  volume    = {22},
  publisher = {Elsevier},
}

@Article{lusardi2007baby,
  author    = {Lusardi, Annamaria And Mitchell, Olivia S.},
  journal   = {Journal of Monetary Economics},
  title     = {Baby boomer retirement security: The roles of planning, financial literacy, and housing wealth},
  year      = {2007},
  number    = {1},
  pages     = {205--224},
  volume    = {54},
  publisher = {Elsevier},
}

@article{hilber2008explaining,
  title={Explaining the black--white homeownership gap: the role of own wealth, parental externalities and locational preferences},
  author={Hilber, Christian AL and Liu, Yingchun},
  journal={Journal of Housing Economics},
  volume={17},
  number={2},
  pages={152--174},
  year={2008},
  publisher={Elsevier}
}

@Article{briggs2015wealth,
  author  = {Briggs, Joseph and Cesarini, David and Lindqvist, Erik and Ostling, Robert},
  journal = {Nber Working Paper},
  title   = {Wealth and stock market participation: estimating the causal effect from Swedish lotteries},
  year    = {2015},
  number  = {21673},
}

@article{broadberry2005economics,
  title={The economics of World War I: an overview},
  author={Broadberry, Stephen and Harrison, Mark},
  journal={The Economics of World War I},
  pages={3--40},
  year={2005},
  publisher={Cambridge: Cambridge University Press, in preparation}
}

@article{fouka2019immigrants,
  title={How do immigrants respond to discrimination? The case of Germans in the US during World War I},
  author={Fouka, Vasiliki},
  journal={American Political Science Review},
  volume={113},
  number={2},
  pages={405--422},
  year={2019},
  publisher={Cambridge University Press}
}

@Article{gay2019legacy,
  author  = {Gay, Victor},
  journal = {Available at Ssrn 3069582},
  title   = {The legacy of the missing men: The long-run impact of World War I on female labor force participation},
  year    = {2019},
}

@article{van2009religion,
  title={Religion and the Welfare State in the Netherlands},
  author={Van Kersbergen, Kees},
  journal={Religion, class coalitions, and welfare states},
  pages={119--145},
  year={2009},
  publisher={Cambridge University Press Cambridge}
}

@Article{brok2012only,
  author    = {Brok, Anja},
  journal   = {Australian Journal of Politics \& History},
  title     = {Only in Times of Crisis? Unemployment Policy in Germany and the Netherlands, 1914--1918},
  year      = {2012},
  number    = {3},
  pages     = {340--352},
  volume    = {58},
  publisher = {Wiley Online Library},
}

@article{besley2005political,
  title={Political selection},
  author={Besley, Timothy},
  journal={Journal of Economic Perspectives},
  volume={19},
  number={3},
  pages={43--60},
  year={2005}
}

@article{dal2009political,
  title={Political dynasties},
  author={Dal B{\'o}, Ernesto and Dal B{\'o}, Pedro and Snyder, Jason},
  journal={The Review of Economic Studies},
  volume={76},
  number={1},
  pages={115--142},
  year={2009},
  publisher={Wiley-Blackwell}
}

@article{frey1997trade,
  title={Trade, ships, and the neutrality of the Netherlands in the First World War},
  author={Frey, Marc},
  journal={The International History Review},
  volume={19},
  number={3},
  pages={541--562},
  year={1997},
  publisher={Taylor \& Francis}
}

@article{poulos2019land,
  title={Land lotteries, long-term wealth, and political selection},
  author={Poulos, Jason},
  journal={Public Choice},
  volume={178},
  number={1},
  pages={217--230},
  year={2019},
  publisher={Springer}
}

@Article{pande2003can,
  author  = {Pande, Rohini},
  journal = {American Economic Review},
  title   = {Can mandated political representation increase policy influence for disadvantaged minorities? Theory and evidence from India},
  year    = {2003},
  number  = {4},
  pages   = {1132--1151},
  volume  = {93},
}

@Misc{sachs2012government,
  author    = {Sachs, Jeffrey D.},
  title     = {Government, geography, and growth: The true drivers of economic development},
  year      = {2012},
  publisher = {JSTOR},
}

@article{acemoglu2010political,
  title={Political selection and persistence of bad governments},
  author={Acemoglu, Daron and Egorov, Georgy and Sonin, Konstantin},
  journal={The Quarterly Journal of Economics},
  volume={125},
  number={4},
  pages={1511--1575},
  year={2010},
  publisher={MIT Press}
}

@InCollection{besley2013taxation,
  author    = {Besley, Timothy and Persson, Torsten},
  booktitle = {Handbook of Public Economics},
  publisher = {Elsevier},
  title     = {Taxation and development},
  year      = {2013},
  pages     = {51--110},
  volume    = {5},
}

@Article{besley2014developing,
  author  = {Besley, Timothy And Persson, Torsten},
  journal = {Journal of Economic Perspectives},
  title   = {Why do developing countries tax so little?},
  year    = {2014},
  number  = {4},
  pages   = {99--120},
  volume  = {28},
}

@Data{BYFPBK_2016,
  author    = {Van Der Velden, Sjaak},
  doi       = {10622/BYFPBK},
  publisher = {IISH Data Collection},
  title     = {Netherlands, 1573-2014},
  url       = {https://hdl.handle.net/10622/BYFPBK},
  version   = {V1},
  year      = {2016},
}

@Article{fumagalli2012political,
  author    = {Fumagalli, Eileen And Narciso, Gaia},
  journal   = {European Journal of Political Economy},
  title     = {Political institutions, voter turnout, and policy outcomes},
  year      = {2012},
  number    = {2},
  pages     = {162--173},
  volume    = {28},
  publisher = {Elsevier},
}

@Article{lijphart1997unequal,
  author    = {Lijphart, Arend},
  journal   = {American Political Science Review},
  title     = {Unequal participation: Democracy's unresolved dilemma presidential address, American Political Science Association, 1996},
  year      = {1997},
  number    = {1},
  pages     = {1--14},
  volume    = {91},
  publisher = {Cambridge University Press},
}


@article{lizzeri2005drawback,
  title={A drawback of electoral competition},
  author={Lizzeri, Alessandro and Persico, Nicola},
  journal={Journal of the European Economic Association},
  volume={3},
  number={6},
  pages={1318--1348},
  year={2005},
  publisher={Oxford University Press}
}

@article{griffin2006electoral,
  title={Electoral competition and democratic responsiveness: A defense of the marginality hypothesis},
  author={Griffin, John D},
  journal={The Journal of Politics},
  volume={68},
  number={4},
  pages={911--921},
  year={2006},
  publisher={Cambridge University Press New York, USA}
}

@Article{gelderblomgeographical,
  author  = {Gelderblom, Oscar And Jonker, Joost And Peeters, Ruben And De Vicq, Amaury},
  journal = {Working Paper},
  title   = {Geographical Patterns of Investment Behavior Evidence from Dutch Private Estates in 1921},
  year    = {2021},
}

@book{schenkeveld2003het,
  title={Het Kinderwetje van van Houten: sociale wetgeving in de negentiende eeuw},
  author={Schenkeveld, Willemien},
  volume={22},
  year={2003},
  publisher={Uitgeverij Verloren}
}

@Book{knippenberg2000eenwording,
  author    = {Knippenberg, Hans And De Pater, Ben And Others},
  publisher = {NijmegenSUN},
  title     = {De eenwording van Nederland: schaalvergroting en integratie sinds 1800.-5e druk},
  year      = {2000},
}

@book{slijkerman2016enfant,
  title={Enfant terrible: Wim Treub (1858-1931)},
  author={Slijkerman, Diederick},
  year={2016},
  publisher={Prometheus}
}

@book{veld1987volksonderwijs,
  title={Volksonderwijs en leerplicht: een historisch sociologisch onderzoek naar het ontstaan van de nederlandse leerplicht 1860-1900},
  author={Veld, Theo},
  year={1987}
}

@book{koch2020abraham,
  title={Abraham Kuyper: een biografie},
  author={Koch, Jeroen},
  year={2020},
  publisher={Boom}
}

@Article{van2010development,
  author    = {Van Zanden, Jan Luiten and van Riel, Arthur},
  journal   = {Paying for the Liberal State},
  title     = {The development of public finance in the Netherlands, 1815--1914},
  year      = {2010},
  pages     = {57--80},
  publisher = {Cambridge University Press Cambridge},
}

@Article{bos2006nederlandse,
  author  = {Bos, Frits},
  journal = {Available at SSRN 2127583},
  title   = {Nederlandse collectieve uitgaven in historisch perspectief (Dutch Public Expenditure in Historical Perspective)},
  year    = {2006},
}

@article{duggan2017political,
  title={The political economy of dynamic elections: Accountability, commitment, and responsiveness},
  author={Duggan, John and Martinelli, C{\'e}sar},
  journal={Journal of Economic Literature},
  volume={55},
  number={3},
  pages={916--84},
  year={2017}
}

@article{persson1997separation,
  title={Separation of powers and political accountability},
  author={Persson, Torsten and Roland, Gerard and Tabellini, Guido},
  journal={The Quarterly Journal of Economics},
  volume={112},
  number={4},
  pages={1163--1202},
  year={1997},
  publisher={MIT Press}
}

@Book{lieven1992aristocracy,
  author    = {Lieven, Dominic C. B.},
  publisher = {Macmillan},
  title     = {The aristocracy in Europe, 1815-1914},
  year      = {1992},
}

@article{johnson2017states,
  title={States and economic growth: Capacity and constraints},
  author={Johnson, Noel D and Koyama, Mark},
  journal={Explorations in Economic History},
  volume={64},
  pages={1--20},
  year={2017},
  publisher={Elsevier}
}

@article{dincecco2016state,
  title={State capacity and long-run economic performance},
  author={Dincecco, Mark and Katz, Gabriel},
  journal={The Economic Journal},
  volume={126},
  number={590},
  pages={189--218},
  year={2016},
  publisher={Oxford University Press Oxford, UK}
}

@Article{snyder1991buying,
  author    = {Snyder Jr, James M.},
  journal   = {Economics \& Politics},
  title     = {On buying legislatures},
  year      = {1991},
  number    = {2},
  pages     = {93--109},
  volume    = {3},
  publisher = {Wiley Online Library},
}

@article{pittaluga2015democracy,
  title={Democracy, extension of suffrage, and redistribution in nineteenth-century Europe},
  author={Pittaluga, Giovanni B and Cama, Giampiero and Seghezza, Elena},
  journal={European Review of Economic History},
  volume={19},
  number={4},
  pages={317--334},
  year={2015},
  publisher={Oxford University Press}
}

@book{downing2020military,
  title={The military revolution and political change: Origins of democracy and autocracy in early modern Europe},
  author={Downing, Brian},
  year={2020},
  publisher={Princeton University Press}
}


@Book{ruiz2012struggle,
  author    = {Ruiz, Blanca Rodriguez And Mar{\'\i}n, Ruth Rubio},
  publisher = {Brill},
  title     = {The struggle for female suffrage in Europe: voting to become citizens},
  year      = {2012},
}


@article{aidt2008female,
  title={Female voting power: the contribution of women’s suffrage to the growth of social spending in Western Europe (1869--1960)},
  author={Aidt, Toke S and Dallal, Bianca},
  journal={Public Choice},
  volume={134},
  number={3},
  pages={391--417},
  year={2008},
  publisher={Springer}
}

@book{berman2019democracy,
  title={Democracy and dictatorship in Europe: from the Ancien R{\'e}gime to the Present Day},
  author={Berman, Sheri},
  year={2019},
  publisher={Oxford University Press}
}

@Article{piketty2013capital,
  author  = {Piketty, Thomas},
  journal = {Cambridge, MA: President and Fellows, Harvard College},
  title   = {Capital in the 21st Century},
  year    = {2013},
}

@Article{machielsen2021wealth,
  author    = {Machielsen, Bas},
  journal   = {Working Paper},
  title     = {The Wealth of The Dutch Political Elite (1870-1920)},
  year      = {2021},
  publisher = {Working Paper},
}

@book{evans1999cross,
  title={The cross and the ballot: Catholic political parties in Germany, Switzerland, Austria, Belgium and the Netherlands, 1785-1985},
  author={Evans, Ellen Lovell},
  volume={12},
  year={1999},
  publisher={Brill}
}

@Article{acemoglu2001theory,
  author  = {Acemoglu, Daron And Robinson, James A.},
  journal = {American Economic Review},
  title   = {A theory of political transitions},
  year    = {2001},
  number  = {4},
  pages   = {938--963},
  volume  = {91},
}

@article{seghezza2019suffrage,
  title={Suffrage extension, social identity, and redistribution: the case of the Second Reform Act},
  author={Seghezza, Elena and Morelli, Pierluigi},
  journal={European Review of Economic History},
  volume={23},
  number={1},
  pages={30--49},
  year={2019},
  publisher={Oxford University Press}
}

@article{duchin2012politics,
  title={The politics of government investment},
  author={Duchin, Ran and Sosyura, Denis},
  journal={Journal of Financial Economics},
  volume={106},
  number={1},
  pages={24--48},
  year={2012},
  publisher={Elsevier}
}


@Article{ansell2010inequality,
  author    = {Ansell, Ben And Samuels, David},
  journal   = {Comparative Political Studies},
  title     = {Inequality and democratization: A contractarian approach},
  year      = {2010},
  number    = {12},
  pages     = {1543--1574},
  volume    = {43},
  publisher = {Sage Publications Sage CA: Los Angeles, CA},
}

@Book{aerts2018thorbecke,
  author    = {Aerts, Remieg},
  publisher = {Prometheus},
  title     = {Thorbecke wil het: Biografie van een staatsman},
  year      = {2018},
}

@article{mukand2020political,
  title={The political economy of liberal democracy},
  author={Mukand, Sharun W and Rodrik, Dani},
  journal={The Economic Journal},
  volume={130},
  number={627},
  pages={765--792},
  year={2020},
  publisher={Oxford University Press}
}

@book{linklater2013owning,
  title={Owning the earth: The transforming history of land ownership},
  author={Linklater, Andro},
  year={2013},
  publisher={Bloomsbury Publishing USA}
}

@book{bevir2011making,
  title={The making of British socialism},
  author={Bevir, Mark},
  year={2011},
  publisher={Princeton University Press}
}

@Article{becarud1973noblesse,
  author    = {B{\'e}carud, Jean},
  journal   = {Revue Fran{\c{c}}aise De Science Politique},
  title     = {Noblesse et repr{\'e}sentation parlementaire: les d{\'e}put{\'e}s nobles de 1871 {\`a} 1968},
  year      = {1973},
  pages     = {972--993},
  publisher = {JSTOR},
}

@Article{piketty2003income,
  author    = {Piketty, Thomas},
  journal   = {Journal of Political Economy},
  title     = {Income inequality in France, 1901--1998},
  year      = {2003},
  number    = {5},
  pages     = {1004--1042},
  volume    = {111},
  publisher = {The University of Chicago Press},
}


@book{zevaes1908socialisme,
  title={Le socialisme en France depuis 1871},
  author={Z{\'e}va{\`e}s, Alexandre},
  year={1908},
  publisher={Fasquelle}
}

@Book{busky2000democratic,
  author    = {Busky, Donald F.},
  publisher = {Greenwood Publishing Group},
  title     = {Democratic socialism: a global survey},
  year      = {2000},
}

    
@article{mokyr2007distributional,
  title={Distributional coalitions, the industrial revolution, and the origins of economic growth in Britain},
  author={Mokyr, Joel and Nye, John VC},
  journal={Southern Economic Journal},
  pages={50--70},
  year={2007},
  publisher={JSTOR}
}

@article{dincecco2015rise,
  title={The rise of effective states in Europe},
  author={Dincecco, Mark},
  journal={The Journal of Economic History},
  volume={75},
  number={3},
  pages={901--918},
  year={2015},
  publisher={Cambridge University Press}
}

@article{oosterlinck2013sovereign,
  title={Sovereign debt defaults: insights from history},
  author={Oosterlinck, Kim},
  journal={Oxford Review of Economic Policy},
  volume={29},
  number={4},
  pages={697--714},
  year={2013},
  publisher={Oxford University Press UK}
}

@article{besley2004paying,
  title={Paying politicians: theory and evidence},
  author={Besley, Timothy},
  journal={Journal of the European Economic Association},
  volume={2},
  number={2-3},
  pages={193--215},
  year={2004},
  publisher={Oxford University Press}
}

@Article{djankov2010disclosure,
  author  = {Djankov, Simeon And La Porta, Rafael And Lopez-de-silanes, Florencio And Shleifer, Andrei},
  journal = {American Economic Journal: Applied Economics},
  title   = {Disclosure by politicians},
  year    = {2010},
  number  = {2},
  pages   = {179--209},
  volume  = {2},
}

@article{bottomley2019returns,
  title={The returns to invention during the British industrial revolution},
  author={Bottomley, Sean},
  journal={The Economic History Review},
  volume={72},
  number={2},
  pages={510--530},
  year={2019},
  publisher={Wiley Online Library}
}


@Article{svaleryd2009political,
  author    = {Svaleryd, Helena And Vlachos, Jonas},
  journal   = {Journal of Public Economics},
  title     = {Political rents in a non-corrupt democracy},
  year      = {2009},
  number    = {3-4},
  pages     = {355--372},
  volume    = {93},
  publisher = {Elsevier},
}

@article{amore2013value,
  title={The value of local political connections in a low-corruption environment},
  author={Amore, Mario Daniele and Bennedsen, Morten},
  journal={Journal of Financial Economics},
  volume={110},
  number={2},
  pages={387--402},
  year={2013},
  publisher={Elsevier}
}

@article{lee2008randomized,
  title={Randomized experiments from non-random selection in US House elections},
  author={Lee, David S},
  journal={Journal of Econometrics},
  volume={142},
  number={2},
  pages={675--697},
  year={2008},
  publisher={Elsevier}
}

@article{snyder2008interest,
  title={Interest groups and the electoral control of politicians},
  author={Snyder Jr, James M and Ting, Michael M},
  journal={Journal of Public Economics},
  volume={92},
  number={3-4},
  pages={482--500},
  year={2008},
  publisher={Elsevier}
}

@article{padro2007control,
  title={The control of politicians in divided societies: The politics of fear},
  author={Padr{\'o} i Miquel, Gerard},
  journal={The Review of Economic Studies},
  volume={74},
  number={4},
  pages={1259--1274},
  year={2007},
  publisher={Wiley-Blackwell}
}

@Article{eggers2009mps,
  author    = {Eggers, Andrew C. And Hainmueller, Jens},
  journal   = {American Political Science Review},
  title     = {MPs for sale? Returns to office in postwar British politics},
  year      = {2009},
  number    = {4},
  pages     = {513--533},
  volume    = {103},
  publisher = {Cambridge University Press},
}

@Article{calonico2015rdrobust,
  author    = {Calonico, Sebastian and Cattaneo, Matias D and Titiunik, Rocio},
  journal   = {R Journal},
  title     = {rdrobust: An R Package for Robust Nonparametric Inference in Regression-Discontinuity Designs.},
  year      = {2015},
  number    = {1},
  pages     = {38},
  volume    = {7},
  publisher = {Citeseer},
}

@article{gelman2019high,
  title={Why high-order polynomials should not be used in regression discontinuity designs},
  author={Gelman, Andrew and Imbens, Guido},
  journal={Journal of Business \& Economic Statistics},
  volume={37},
  number={3},
  pages={447--456},
  year={2019},
  publisher={Taylor \& Francis}
}

@article{cellini2010value,
  title={The value of school facility investments: Evidence from a dynamic regression discontinuity design},
  author={Cellini, Stephanie Riegg and Ferreira, Fernando and Rothstein, Jesse},
  journal={The Quarterly Journal of Economics},
  volume={125},
  number={1},
  pages={215--261},
  year={2010},
  publisher={MIT Press}
}


@Book{cattaneo2019practical,
  author    = {Cattaneo, Matias D. And Idrobo, Nicol{\'a}s And Titiunik, Roc{\'\i}o},
  publisher = {Cambridge University Press},
  title     = {A practical introduction to regression discontinuity designs: Foundations},
  year      = {2019},
}

@Article{imbens2012optimal,
  author    = {Imbens, Guido and Kalyanaraman, Karthik},
  journal   = {The Review of Economic Studies},
  title     = {Optimal bandwidth choice for the regression discontinuity estimator},
  year      = {2012},
  number    = {3},
  pages     = {933--959},
  volume    = {79},
  publisher = {Oxford University Press},
}

@Misc{folke2017dynastic,
  author    = {Folke, Olle And Persson, Torsten And Rickne, Johanna},
  title     = {Dynastic political rents? Economic benefits to relatives of top politicians},
  year      = {2017},
  publisher = {Oxford University Press Oxford, UK},
}

@Article{cruz2017politician,
  author  = {Cruz, Cesi And Labonne, Julien And Querubin, Pablo},
  journal = {American Economic Review},
  title   = {Politician family networks and electoral outcomes: Evidence from the Philippines},
  year    = {2017},
  number  = {10},
  pages   = {3006--37},
  volume  = {107},
}

@book{kaal2008het,
  title={Het hoofd van de stad: Amsterdam en zijn burgemeester tijdens het interbellum},
  author={Kaal, Harm},
  year={2008},
  publisher={Amsterdam University Press}
}

@Article{lindblad1993ondernemen,
  author  = {Lindblad, J. Th And Others},
  journal = {BMGN-Low Countries Historical Review},
  title   = {Ondernemen in Nederlands-Indie c. 1900-1940},
  year    = {1993},
  number  = {4},
  pages   = {699--710},
  volume  = {108},
}

@Book{steegh2016geschiedenis,
  author    = {Steegh, Frans And Dalhuisen, Leo And Van Selm, Mari{\"e}tte},
  publisher = {Amsterdam University Press},
  title     = {Geschiedenis van Indonesi{\"e}},
  year      = {2016},
}

@Article{taselaar1998nederlandse,
  author  = {Taselaar, Arjen},
  journal = {Ondernemers En De Indische Politiek},
  title   = {De Nederlandse koloniale lobby},
  year    = {1998},
  pages   = {107},
  volume  = {1940},
}

@Misc{grossman2005party,
  author    = {Grossman, Gene M. And Helpman, Elhanan},
  title     = {Party discipline and pork barrel politics},
  year      = {2005},
  publisher = {National Bureau of Economic Research Cambridge, Mass., USA},
}

@book{oud1997staatkundige,
  title={Staatkundige vormgeving in Nederland},
  author={Oud, Pieter Jacobus},
  volume={1},
  year={1997},
  publisher={Uitgeverij Van Gorcum}
}

@Article{vries1971het,
  author  = {De Vries, J.},
  journal = {Economischen Sociaal-historisch Jaarboek},
  title   = {Het censuskiesrecht en de welvaart in Nederland 1850-1917},
  year    = {1971},
  pages   = {178--231},
  volume  = {34},
}

@book{loots2004voor,
  title={Voor het volk, van het volk. Van districtenstelsel naar evenredige vertegenwoordiging},
  author={Loots, Jasper},
  year={2004},
  publisher={Amsterdam: Wereldbibliotheek}
}

@book{stuurman1983verzuiling,
  title={Verzuiling, kapitalisme en patriarchaat: aspecten van de ontwikkeling van de moderne staat in Nederland},
  author={Stuurman, Siep},
  year={1983},
  publisher={Sun}
}

@Book{persson2002political,
  author    = {Persson, Torsten And Tabellini, Guido},
  publisher = {MIT press},
  title     = {Political economics: explaining economic policy},
  year      = {2002},
}

@article{bourveau2021political,
  title={Political Connections and White-Collar Crime: Evidence from Insider Trading in France},
  author={Bourveau, Thomas and Coulomb, Renaud and Sangnier, Marc},
  journal={Journal of the European Economic Association},
  volume={19},
  number={5},
  pages={2543--2576},
  year={2021},
  publisher={Oxford University Press}
}

@article{braguinsky2014direct,
  title={Direct estimation of hidden earnings: Evidence from Russian administrative data},
  author={Braguinsky, Serguey and Mityakov, Sergey and Liscovich, Andrey},
  journal={The Journal of Law and Economics},
  volume={57},
  number={2},
  pages={281--319},
  year={2014},
  publisher={University of Chicago Press Chicago, IL}
}

@Article{caselli2004bad,
  author    = {Caselli, Francesco And Morelli, Massimo},
  journal   = {Journal of Public Economics},
  title     = {Bad politicians},
  year      = {2004},
  number    = {3-4},
  pages     = {759--782},
  volume    = {88},
  publisher = {Elsevier},
}

@Article{diermeier2005political,
  author  = {Diermeier, Daniel And Keane, Michael And Merlo, Antonio},
  journal = {American Economic Review},
  title   = {A political economy model of congressional careers},
  year    = {2005},
  number  = {1},
  pages   = {347--373},
  volume  = {95},
}

@Article{curto2018party,
  author    = {Curto-Grau, Marta And Zudenkova, Galina},
  journal   = {Journal of Public Economics},
  title     = {Party discipline and government spending: Theory and evidence},
  year      = {2018},
  pages     = {139--152},
  volume    = {164},
  publisher = {Elsevier},
}

@article{eguia2011voting,
  title={Voting blocs, party discipline and party formation},
  author={Eguia, Jon X},
  journal={Games and Economic Behavior},
  volume={73},
  number={1},
  pages={111--135},
  year={2011},
  publisher={Elsevier}
}

@book{wartena2003h,
  title={H. Goeman Borgesius (1847-1917): vader van de verzorgingsstaat: een halve eeuw liberale en sociale politiek in Nederland},
  author={Wartena, Bert},
  year={2003},
  publisher={Het Spinhuis}
}

@Misc{angrist1995identification,
  author    = {Angrist, Joshua And Imbens, Guido},
  title     = {Identification and estimation of local average treatment effects},
  year      = {1995},
  publisher = {National Bureau of Economic Research Cambridge, Mass., USA},
}

@Article{aidt2014voting,
  author    = {Aidt, Toke S. And Mooney, Graham},
  journal   = {Journal of Public Economics},
  title     = {Voting suffrage and the political budget cycle: Evidence from the London Metropolitan Boroughs 1902--1937},
  year      = {2014},
  pages     = {53--71},
  volume    = {112},
  publisher = {Elsevier},
}

@article{persson2004constitutions,
  title={Constitutions and economic policy},
  author={Persson, Torsten and Tabellini, Guido},
  journal={Journal of Economic Perspectives},
  volume={18},
  number={1},
  pages={75--98},
  year={2004}
}

@Article{iaryczower2008contestable,
  author    = {Iaryczower, Matias},
  journal   = {Quarterly Journal of Political Science},
  title     = {Contestable leadership: Party leaders as principals and agents},
  year      = {2008},
  number    = {3},
  pages     = {203--225},
  volume    = {3},
  publisher = {Now Publishers, Inc.},
}


@book{kroeze2013een,
  title={Een kwestie van politieke moraliteit: politieke corruptieschandalen en goed bestuur in Nederland, 1848-1940},
  author={Kroeze, Ronald},
  year={2013},
  publisher={Uitgeverij Verloren}
}

@Book{de2005het,
  author    = {De Bruijn, Jan},
  publisher = {Bert Bakker},
  title     = {Het boetekleed ontsiert de man niet. Abraham Kuyper en de Lintjesaffaire (1909-1910)},
  year      = {2005},
}

@Article{ferreira2009political,
  author    = {Ferreira, Fernando and Gyourko, Joseph},
  journal   = {The Quarterly Journal of Economics},
  title     = {Do political parties matter? Evidence from US cities},
  year      = {2009},
  number    = {1},
  pages     = {399--422},
  volume    = {124},
  publisher = {MIT Press},
}


@Article{de2015slecht,
  author    = {De Jong, Ron and Rutjes, Mart},
  journal   = {Tijdschrift voor Geschiedenis},
  title     = {Slecht gekozen: Politieke vertegenwoordiging en electorale wanpraktijken in Nederland, 1795-1917},
  year      = {2015},
  number    = {4},
  pages     = {579--598},
  volume    = {128},
  publisher = {Amsterdam University Press},
}


@article{baltrunaite2020political,
  title={Political contributions and public procurement: evidence from Lithuania},
  author={Baltrunaite, Audinga},
  journal={Journal of the European Economic Association},
  volume={18},
  number={2},
  pages={541--582},
  year={2020},
  publisher={Oxford University Press}
}


@Article{querubin2009returns,
  author    = {Querubin, Pablo and Snyder Jr, James M},
  journal   = {The Political Economy of Democracy},
  title     = {The returns to US congressional seats in the mid-19th century},
  year      = {2009},
  pages     = {225--40},
  publisher = {BBVA Barcelona},
}

@article{mattozzi2008political,
  title={Political careers or career politicians?},
  author={Mattozzi, Andrea and Merlo, Antonio},
  journal={Journal of Public Economics},
  volume={92},
  number={3-4},
  pages={597--608},
  year={2008},
  publisher={Elsevier}
}

@article{abramitzky2021automated,
  title={Automated linking of historical data},
  author={Abramitzky, Ran and Boustan, Leah and Eriksson, Katherine and Feigenbaum, James and P{\'e}rez, Santiago},
  journal={Journal of Economic Literature},
  volume={59},
  number={3},
  pages={865--918},
  year={2021}
}

@Article{avis2018government,
  author    = {Avis, Eric And Ferraz, Claudio And Finan, Frederico},
  journal   = {Journal of Political Economy},
  title     = {Do government audits reduce corruption? Estimating the impacts of exposing corrupt politicians},
  year      = {2018},
  number    = {5},
  pages     = {1912--1964},
  volume    = {126},
  publisher = {University of Chicago Press Chicago, IL},
}


@Article{gehlbach2014government,
  author    = {Gehlbach, Scott And Sonin, Konstantin},
  journal   = {Journal of Public Economics},
  title     = {Government control of the media},
  year      = {2014},
  pages     = {163--171},
  volume    = {118},
  publisher = {Elsevier},
}

@Article{acemoglu2005institutions,
  author    = {Acemoglu, Daron and Johnson, Simon and Robinson, James A},
  journal   = {Handbook of Economic Growth},
  title     = {Institutions as a fundamental cause of long-run growth},
  year      = {2005},
  pages     = {385--472},
  volume    = {1},
  publisher = {Elsevier},
}

@article{fafchamps2017politicians,
  title={Do politicians’ relatives get better jobs? evidence from municipal elections},
  author={Fafchamps, Marcel and Labonne, Julien},
  journal={The Journal of Law, Economics, and Organization},
  volume={33},
  number={2},
  pages={268--300},
  year={2017},
  publisher={Oxford University Press}
}

@TechReport{querubin2011control,
  author      = {Querubin, Pablo And Snyder, James M. And Others},
  institution = {National Bureau of Economic Research},
  title       = {The control of politicians in normal times and times of crisis: Wealth accumulation by US congressmen, 1850-1880},
  year        = {2011},
}


@book{blok1987stemmen,
  title={Stemmen en kiezen: het kiesstelsel in Nederland in de periode 1814-1850},
  author={Blok, Lodewijk},
  volume={47},
  year={1987},
  publisher={Wolters-Noordhoff/Forsten}
}

@Article{huizinga1979een,
  author  = {Huizinga, JJ},
  journal = {Tijdschrift Voor Geschiedenis},
  title   = {Een gebroken spiegel. Zeventig jaar districtenstelsel (1848--1917)},
  year    = {1979},
  pages   = {426--437},
  volume  = {92},
}

@book{elzinga1985financiele,
  title={De financi{\"e}le positie van de leden der Staten-Generaal},
  author={Elzinga, Douwe Jan},
  year={1985},
  publisher={Wolters-Noordhoff}
}

@Article{van1983lonen,
  author    = {Van Zanden, Jan Luiten},
  journal   = {Tijdschrift Voor Sociale Geschiedenis},
  title     = {Lonen en arbeidsmarkt in Amsterdam, 1800-1865},
  year      = {1983},
  pages     = {1--27},
  volume    = {9},
  publisher = {Nederlandse Vereniging tot Beoefening van de Sociale Geschiedenis},
}

@Article{mccrary2008manipulation,
  author    = {Mccrary, Justin},
  journal   = {Journal of Econometrics},
  title     = {Manipulation of the running variable in the regression discontinuity design: A density test},
  year      = {2008},
  number    = {2},
  pages     = {698--714},
  volume    = {142},
  publisher = {Elsevier},
}

@Article{lee2010regression,
  author  = {Lee, David S. And Lemieux, Thomas},
  journal = {Journal of Economic Literature},
  title   = {Regression discontinuity designs in economics},
  year    = {2010},
  number  = {2},
  pages   = {281--355},
  volume  = {48},
}

@Article{alesina1988credibility,
  author    = {Alesina, Alberto},
  journal   = {American Economic Review},
  title     = {Credibility and policy convergence in a two-party system with rational voters},
  year      = {1988},
  number    = {4},
  pages     = {796--805},
  volume    = {78},
  publisher = {JSTOR},
}


@Article{bos1990vermogensbezitters,
  author    = {Bos, N. J. P. M.},
  journal   = {BMGN-Low Countries Historical Review},
  title     = {Vermogensbezitters en bevoorrechte belastingbetalers in de negentiende eeuw},
  year      = {1990},
  number    = {4},
  pages     = {553--577},
  volume    = {105},
  publisher = {Igitur},
}

@article{caughey2011elections,
  title={Elections and the regression discontinuity design: Lessons from close US house races, 1942--2008},
  author={Caughey, Devin and Sekhon, Jasjeet S},
  journal={Political Analysis},
  volume={19},
  number={4},
  pages={385--408},
  year={2011},
  publisher={Cambridge University Press}
}

@Book{netherlands1916handelingen,
  author    = {Kan, J. B.},
  publisher = {Belinfante},
  title     = {Handelingen over de herziening der grondwet},
  year      = {1916},
}

@Article{aerts2009nationale,
  author    = {Aerts, Remieg},
  journal   = {BMGN-Low Countries Historical Review},
  title     = {Nationale beginselen? Een transnationale geschiedenis van politiek en grondwet in de negentiende eeuw},
  year      = {2009},
  number    = {4},
  pages     = {580--598},
  volume    = {124},
  publisher = {Igitur},
}

@Article{lindeboom1916parlementaire,
  author  = {Lindeboom, Lucas},
  journal = {PhD Thesis},
  title   = {Parlementaire schadeloosstelling},
  year    = {1916},
}

@inproceedings{edinger2009profil,
  title={Profil eines Berufsstandes: Professionalisierung und Karrierelogiken von Abgeordneten im vereinten Deutschland},
  author={Edinger, Michael},
  booktitle={Parlamentarismusforschung in Deutschland},
  pages={177--216},
  year={2009}
}

@Article{monier2020norme,
  author    = {Monier, Fr{\'e}d{\'e}ric And Portalez, Christophe},
  journal   = {Cahiers Jaures},
  title     = {Une norme disput{\'e}e: l’indemnit{\'e} parlementaire en France (1789-1914)},
  year      = {2020},
  number    = {1},
  pages     = {15--36},
  volume    = {1},
  publisher = {Soci{\'e}t{\'e} d'{\'e}tudes jaur{\'e}siennes},
}

@Book{madden2012parliamentary,
  author    = {Madden, Cathy And Mckeown, Deirdre},
  publisher = {Department of Parliamentary Services, Parliamentary Library},
  title     = {Parliamentary remuneration and entitlements},
  year      = {2012},
}

@article{becker2020political,
  title={The political economy of the Prussian three-class franchise},
  author={Becker, Sascha O and Hornung, Erik},
  journal={The Journal of Economic History},
  volume={80},
  number={4},
  pages={1143--1188},
  year={2020},
  publisher={Cambridge University Press}
}

@article{voerman1989liberalen,
  title={Liberalen op een tweesprong},
  author={Voerman, Gerrit},
  journal={Jaarboek Documentatiecentrum Nederlandse Po},
  year={1989}
}

@Article{haan1996vormen,
  author    = {De Haan, I. And Te Velde, H.},
  journal   = {BMGN-Low Countries Historical Review},
  title     = {Vormen van politiek. Veranderingen van de openbaarheid in Nederland 1848-1900},
  year      = {1996},
  number    = {2},
  pages     = {167--200},
  volume    = {111},
  publisher = {Igitur},
}


@Book{aerts2002het,
  author    = {Aerts, Remieg And De Jong, Janny And Te Velde, Henk},
  publisher = {Uitgeverij Verloren},
  title     = {Het persoonlijke is politiek: egodocumenten en politieke cultuur},
  year      = {2002},
}

@article{lopez2003term,
  title={Term limits: Causes and consequences},
  author={Lopez, Edward J},
  journal={Public Choice},
  volume={114},
  number={1},
  pages={1--56},
  year={2003},
  publisher={Springer}
}

@article{besley1995does,
  title={Does electoral accountability affect economic policy choices? Evidence from gubernatorial term limits},
  author={Besley, Timothy and Case, Anne},
  journal={The Quarterly Journal of Economics},
  volume={110},
  number={3},
  pages={769--798},
  year={1995},
  publisher={MIT Press}
}

@Article{de1997katholieken,
  author  = {De Jong, Ron},
  journal = {Groniek},
  title   = {Katholieken en verkiezingen, 1850-1900. Oude en nieuwe vormen van politiek},
  year    = {1997},
  number  = {137},
  volume  = {1},
}

@article{messner2004paying,
  title={Paying politicians},
  author={Messner, Matthias and Polborn, Mattias K},
  journal={Journal of Public Economics},
  volume={88},
  number={12},
  pages={2423--2445},
  year={2004},
  publisher={Elsevier}
}

@Book{klep1987kohieren,
  author    = {Klep, P. M. And Klep, P. M. And Lansink, A. And Van Mulken, W.},
  publisher = {Stichting Archief Publikaties},
  title     = {De kohieren van de gemeentelijke hoofdelijke omslag: 1851-1922. De registers van patentplichtigen},
  year      = {1987},
}

@incollection{cunningham2021causal,
  title={Causal inference},
  author={Cunningham, Scott},
  booktitle={Causal Inference},
  year={2021},
  publisher={Yale University Press}
}

@article{egger2015causal,
  title={The causal impact of common native language on international trade: Evidence from a spatial regression discontinuity design},
  author={Egger, Peter H and Lassmann, Andrea},
  journal={The Economic Journal},
  volume={125},
  number={584},
  pages={699--745},
  year={2015},
  publisher={Oxford University Press Oxford, UK}
}

@article{lowes2021concessions,
  title={Concessions, violence, and indirect rule: evidence from the Congo Free State},
  author={Lowes, Sara and Montero, Eduardo},
  journal={The Quarterly Journal of Economics},
  volume={136},
  number={4},
  pages={2047--2091},
  year={2021},
  publisher={Oxford University Press}
}

@article{dell2010persistent,
  title={The persistent effects of Peru's mining mita},
  author={Dell, Melissa},
  journal={Econometrica},
  volume={78},
  number={6},
  pages={1863--1903},
  year={2010},
  publisher={Wiley Online Library}
}


@inproceedings{shen2021layoutparser,
  title={LayoutParser: A unified toolkit for deep learning based document image analysis},
  author={Shen, Zejiang and Zhang, Ruochen and Dell, Melissa and Lee, Benjamin Charles Germain and Carlson, Jacob and Li, Weining},
  booktitle={International Conference on Document Analysis and Recognition},
  pages={131--146},
  year={2021},
  organization={Springer}
}

@Article{dynan2002importance,
  author  = {Dynan, Karen E. And Skinner, Jonathan And Zeldes, Stephen P.},
  journal = {American Economic Review},
  title   = {The importance of bequests and life-cycle saving in capital accumulation: A new answer},
  year    = {2002},
  number  = {2},
  pages   = {274--278},
  volume  = {92},
}


@article{fisman2015labor,
  title={Labor supply of politicians},
  author={Fisman, Raymond and Harmon, Nikolaj A and Kamenica, Emir and Munk, Inger},
  journal={Journal of the European Economic Association},
  volume={13},
  number={5},
  pages={871--905},
  year={2015},
  publisher={Oxford University Press}
}

@Book{buchanan1989essays,
  author    = {Buchanan, James M.},
  publisher = {University of Hawaii Press},
  title     = {Essays on the political economy},
  year      = {1989},
}

@article{acemoglu2012introduction,
  title={Introduction to economic growth},
  author={Acemoglu, Daron},
  journal={Journal of Economic Theory},
  volume={147},
  number={2},
  pages={545--550},
  year={2012},
  publisher={Elsevier}
}

@article{berg2020returns,
  title={On the returns to holding political office (Is it worth it?)},
  author={Berg, Hel{\'e}ne},
  journal={Journal of Economic Behavior \& Organization},
  volume={178},
  pages={840--865},
  year={2020},
  publisher={Elsevier}
}

@Article{acemoglu2019democracy,
  author    = {Acemoglu, Daron And Naidu, Suresh And Restrepo, Pascual And Robinson, James A.},
  journal   = {Journal of Political Economy},
  title     = {Democracy does cause growth},
  year      = {2019},
  number    = {1},
  pages     = {47--100},
  volume    = {127},
  publisher = {University of Chicago Press Chicago, IL},
}

@Article{golden2005proposal,
  author    = {Golden, Miriam A. And Picci, Lucio},
  journal   = {Economics \& Politics},
  title     = {Proposal for a new measure of corruption, illustrated with Italian data},
  year      = {2005},
  number    = {1},
  pages     = {37--75},
  volume    = {17},
  publisher = {Wiley Online Library},
}


@Article{helpman2001lobbying,
  author    = {Helpman, Elhanan And Persson, Torsten},
  journal   = {Advances in Economic Analysis \& Policy},
  title     = {Lobbying and legislative bargaining},
  year      = {2001},
  number    = {1},
  volume    = {1},
  publisher = {De Gruyter},
}

@article{berg2020politicians,
  title={Politicians’ payments in a proportional party system},
  author={Berg, Hel{\'e}ne},
  journal={European Economic Review},
  volume={128},
  pages={103504},
  year={2020},
  publisher={Elsevier}
}




@article{acemoglu2013political,
  title={A political theory of populism},
  author={Acemoglu, Daron and Egorov, Georgy and Sonin, Konstantin},
  journal={The Quarterly Journal of Economics},
  volume={128},
  number={2},
  pages={771--805},
  year={2013},
  publisher={MIT Press}
}

@article{gagliarducci2010moonlighting,
  title={Moonlighting politicians},
  author={Gagliarducci, Stefano and Nannicini, Tommaso and Naticchioni, Paolo},
  journal={Journal of Public Economics},
  volume={94},
  number={9-10},
  pages={688--699},
  year={2010},
  publisher={Elsevier}
}


@Article{besley1993taxes,
  author    = {Besley, Timothy and McLaren, John},
  journal   = {The Economic journal},
  title     = {Taxes and bribery: the role of wage incentives},
  year      = {1993},
  number    = {416},
  pages     = {119--141},
  volume    = {103},
  publisher = {JSTOR},
}


@Book{guiso2017demand,
  author    = {Guiso, Luigi And Herrera, Helios And Morelli, Massimo And Sonno, Tommaso And Others},
  publisher = {Centre for Economic Policy Research London, UK},
  title     = {Demand and supply of populism},
  year      = {2017},
}

@Article{sasso2021bureaucrats,
  author    = {Sasso, Greg and Morelli, Massimo},
  journal   = {Journal of Public Economics},
  title     = {Bureaucrats under populism},
  year      = {2021},
  pages     = {104497},
  volume    = {202},
  publisher = {Elsevier},
}


@book{tanja2011goede,
  title={Goede politiek. De parlementaire cultuur van de Tweede Kamer, 1866-1940},
  author={Tanja, Erie Georgette},
  year={2011},
  publisher={Amsterdam: Boom}
}

@book{hagen2011politicus,
  title={Politicus uit hartstocht: biografie van Pieter Jelles Troelstra},
  author={Hagen, Piet},
  year={2011},
  publisher={Singel Uitgeverijen}
}

@article{ashworth2010does,
  title={Does informative media commentary reduce politicians' incentives to pander?},
  author={Ashworth, Scott and Shotts, Kenneth W},
  journal={Journal of Public Economics},
  volume={94},
  number={11-12},
  pages={838--847},
  year={2010},
  publisher={Elsevier}
}

@article{gagliarducci2013better,
  title={Do better paid politicians perform better? Disentangling incentives from selection},
  author={Gagliarducci, Stefano and Nannicini, Tommaso},
  journal={Journal of the European Economic Association},
  volume={11},
  number={2},
  pages={369--398},
  year={2013},
  publisher={Oxford University Press}
}

@article{pique2019higher,
  title={Higher pay, worse outcomes? The impact of mayoral wages on local government quality in Peru},
  author={Pique, Ricardo},
  journal={Journal of Public Economics},
  volume={173},
  pages={1--20},
  year={2019},
  publisher={Elsevier}
}

@article{osborne1996model,
  title={A model of political competition with citizen-candidates},
  author={Osborne, Martin J and Slivinski, Al},
  journal={The Quarterly Journal of Economics},
  volume={111},
  number={1},
  pages={65--96},
  year={1996},
  publisher={MIT Press}
}

@article{rodrik2000institutions,
  title={Institutions for high-quality growth: what they are and how to acquire them},
  author={Rodrik, Dani},
  journal={Studies in comparative international development},
  volume={35},
  number={3},
  pages={3--31},
  year={2000},
  publisher={Springer}
}

@article{lichand2014access,
  title={Access to justice and entrepreneurship: Evidence from Brazil’s special civil tribunals},
  author={Lichand, Guilherme and Soares, Rodrigo R},
  journal={The Journal of Law and Economics},
  volume={57},
  number={2},
  pages={459--499},
  year={2014},
  publisher={University of Chicago Press Chicago, IL}
}

@Article{besley2005competition,
  author  = {Besley, Timothy And Ghatak, Maitreesh},
  journal = {American Economic Review},
  title   = {Competition and incentives with motivated agents},
  year    = {2005},
  number  = {3},
  pages   = {616--636},
  volume  = {95},
}

@article{callander2007bandwagons,
  title={Bandwagons and momentum in sequential voting},
  author={Callander, Steven},
  journal={The Review of Economic Studies},
  volume={74},
  number={3},
  pages={653--684},
  year={2007},
  publisher={Wiley-Blackwell}
}

@Article{ashworth2004vendogenous,
  author    = {Ashworth, Scott and De Mesquita, Ethan Bueno},
  journal   = {Institute of Governmental Studies Working Paper},
  title     = {Endogenous Party Discipline with Variable Electoral and Legislative Institutions},
  year      = {2004},
  volume    = {7},
  publisher = {Citeseer},
}


@Article{gehlbach2010businessman,
  author    = {Gehlbach, Scott And Sonin, Konstantin And Zhuravskaya, Ekaterina},
  journal   = {American Journal of Political Science},
  title     = {Businessman candidates},
  year      = {2010},
  number    = {3},
  pages     = {718--736},
  volume    = {54},
  publisher = {Wiley Online Library},
}

@article{spolaore2013european,
  title={What is European integration really about? A political guide for economists},
  author={Spolaore, Enrico},
  journal={Journal of Economic Perspectives},
  volume={27},
  number={3},
  pages={125--44},
  year={2013}
}


@article{cadigan2002citizen,
  title={A citizen-candidate model with sequential elections},
  author={Cadigan, John and Janeba, Eckhard},
  journal={Journal of Theoretical Politics},
  volume={14},
  number={4},
  pages={387--407},
  year={2002},
  publisher={Sage Publications Sage CA: Thousand Oaks, CA}
}

@article{ponticelli2016court,
  title={Court enforcement, bank loans, and firm investment: evidence from a bankruptcy reform in Brazil},
  author={Ponticelli, Jacopo and Alencar, Leonardo S},
  journal={The Quarterly Journal of Economics},
  volume={131},
  number={3},
  pages={1365--1413},
  year={2016},
  publisher={MIT Press}
}


@article{ferraz2008exposing,
  title={Exposing corrupt politicians: the effects of Brazil's publicly released audits on electoral outcomes},
  author={Ferraz, Claudio and Finan, Frederico},
  journal={The Quarterly journal of economics},
  volume={123},
  number={2},
  pages={703--745},
  year={2008},
  publisher={MIT Press}
}

@incollection{besley2010property,
  title={Property rights and economic development},
  author={Besley, Timothy and Ghatak, Maitreesh},
  booktitle={Handbook of development economics},
  volume={5},
  pages={4525--4595},
  year={2010},
  publisher={Elsevier}
}

@Article{besley1995property,
  author    = {Besley, Timothy},
  journal   = {Journal of Political Economy},
  title     = {Property rights and investment incentives: Theory and evidence from Ghana},
  year      = {1995},
  number    = {5},
  pages     = {903--937},
  volume    = {103},
  publisher = {The University of Chicago Press},
}

@InCollection{grossman1992analysis,
  author    = {Grossman, Sanford J and Hart, Oliver D},
  booktitle = {Foundations of Insurance Economics},
  publisher = {Springer},
  title     = {An analysis of the principal-agent problem},
  year      = {1992},
  pages     = {302--340},
}


@book{north1981structure,
  title={Structure and change in economic history},
  author={North, Douglass Cecil},
  year={1981},
  publisher={Norton}
}

@Article{acemoglu2013politicalec,
  author    = {Acemoglu, Daron},
  title     = {Political economy lecture notes},
  year      = {2013},
  publisher = {Citeseer},
}


@Article{fisman2001estimating,
  author  = {Fisman, Raymond},
  journal = {American Economic Review},
  title   = {Estimating the value of political connections},
  year    = {2001},
  number  = {4},
  pages   = {1095--1102},
  volume  = {91},
}


@article{freeman1987reserve,
  title={Reserve requirements and optimal seigniorage},
  author={Freeman, Scott},
  journal={Journal of Monetary Economics},
  volume={19},
  number={2},
  pages={307--314},
  year={1987},
  publisher={Elsevier}
}

@Article{kaas2019does,
  author    = {Kaas, Leo And Kocharkov, Georgi And Preugschat, Edgar},
  journal   = {Applied Economics Letters},
  title     = {Does homeownership promote wealth accumulation?},
  year      = {2019},
  number    = {14},
  pages     = {1186--1191},
  volume    = {26},
  publisher = {Taylor \& Francis},
}

@book{weschle2022money,
  title={Money in Politics},
  author={Weschle, Simon},
  year={2022},
  publisher={Cambridge University Press}
}

{deZwart2015,
%author="de Zwart, Pim
%and van Leeuwen, Bas
%and van Leeuwen-Li, Jieli",
%title="Labourers Real Wage",
%year="2015",
%publisher="IISH Dataverse",
%url="http://hdl.handle.net/10622/QK8VRF"
%}

@book{oud1961honderd,
  title={Honderd jaren},
  author={Oud, Pieter Jacobus},
  year={1961},
  publisher={van Gorcum}
}

@book{caramani2017elections,
  title={Elections in Western Europe 1815-1996},
  author={Caramani, Daniele},
  year={2017},
  publisher={Springer}
}

@Book{van2000eenheiddstaat,
  author    = {Van Leeuwen, Marco H. D.},
  publisher = {Verbond van Verzekeraars},
  title     = {De eenheiddstaat: onderlinges, armenzorg en commerci{\"e}le verzekeraars, 1800-1890},
  year      = {2000},
}

@Article{meltzer1981rational,
  author    = {Meltzer, Allan H. And Richard, Scott F.},
  journal   = {Journal of Political Economy},
  title     = {A rational theory of the size of government},
  year      = {1981},
  number    = {5},
  pages     = {914--927},
  volume    = {89},
  publisher = {The University of Chicago Press},
}

@article{besley2011educated,
  title={Do educated leaders matter?},
  author={Besley, Timothy and Montalvo, Jose G and Reynal-Querol, Marta},
  journal={The Economic Journal},
  volume={121},
  number={554},
  pages={F205--227},
  year={2011},
  publisher={Oxford University Press Oxford, UK}
}

@Article{chattopadhyay2004women,
  author    = {Chattopadhyay, Raghabendra And Duflo, Esther},
  journal   = {Econometrica},
  title     = {Women as policy makers: Evidence from a randomized policy experiment in India},
  year      = {2004},
  number    = {5},
  pages     = {1409--1443},
  volume    = {72},
  publisher = {Wiley Online Library},
}

@article{hayo2014political,
  title={Political leaders' socioeconomic background and fiscal performance in Germany},
  author={Hayo, Bernd and Neumeier, Florian},
  journal={European Journal of Political Economy},
  volume={34},
  pages={184--205},
  year={2014},
  publisher={Elsevier}
}

@article{aidt2009tax,
  title={Tax structure, size of government, and the extension of the voting franchise in Western Europe, 1860--1938},
  author={Aidt, Toke S and Jensen, Peter S},
  journal={International Tax and Public Finance},
  volume={16},
  number={3},
  pages={362--394},
  year={2009},
  publisher={Springer}
}

@article{cocco2005portfolio,
  title={Portfolio choice in the presence of housing},
  author={Cocco, Joao F},
  journal={The Review of Financial Studies},
  volume={18},
  number={2},
  pages={535--567},
  year={2005},
  publisher={Oxford University Press}
}


@Article{bernini2018race,
  author    = {Bernini, Andrea And Facchini, Giovanni And Testa, Cecilia},
  title     = {Race, representation and local governments in the US South: The effect of the Voting Rights Act},
  year      = {2018},
  publisher = {CEPR Discussion Paper No. DP12774},
}

@article{besley1997economic,
  title={An economic model of representative democracy},
  author={Besley, Timothy and Coate, Stephen},
  journal={The Quarterly Journal of Economics},
  volume={112},
  number={1},
  pages={85--114},
  year={1997},
  publisher={MIT Press}
}

@Article{acemoglu2011consequences,
  author  = {Acemoglu, Daron And Cantoni, Davide And Johnson, Simon And Robinson, James A.},
  journal = {American Economic Review},
  title   = {The consequences of radical reform: The French Revolution},
  year    = {2011},
  number  = {7},
  pages   = {3286--3307},
  volume  = {101},
}

@inproceedings{oosterlinck2020positive,
  title={A Positive Effect of Political Dynasties: The Case of France's 1940 Enabling Act},
  author={Oosterlinck, Kim and Lacroix, Jean and Meon, Pierre-Guillaume},
  booktitle={Journal of Economic History},
  volume={80},
  pages={609--609},
  year={2020},
}

@inproceedings{secker1989social,
  title={The social composition of Dutch political elites: ministers and deputies (1848-1986)},
  author={Secker, Ineke},
  booktitle={Tagung" Sozialstruktur und politische Konflikte in Deutschland 1867-1987. Perspektiven einer Analyse von Massendaten der historischen Wahl-und Elitenforschung"},
  volume={22},
  pages={323--337},
  year={1989},
  organization={Scripta Mercaturae Verl.}
}

@Article{dal2018progress,
  author    = {Dal B{\'o}, Ernesto And Finan, Frederico},
  journal   = {Annual Review of Economics},
  title     = {Progress and perspectives in the study of political selection},
  year      = {2018},
  pages     = {541--575},
  volume    = {10},
  publisher = {Annual Reviews},
}

@Article{moes1994lijsten,
  author  = {Moes, J. K. S.},
  journal = {Broncommentaren I (’s-gravenhage 1994)},
  title   = {De lijsten van verkiesbaren voor de Eerste Kamer der Staten-Generaal, 1848-1917},
  year    = {1994},
  pages   = {119--171},
}

@Book{bosmans2011parlementaire,
  author    = {Bosmans, Jacques Louis Joseph And Van Kessel, A. C. M. W.},
  publisher = {Amsterdam: Boom},
  title     = {Parlementaire geschiedenis van Nederland},
  year      = {2011},
}

@article{bos1989memories,
  title={De memories van successie. Een veelbelovende bron voor veelsoortig onderzoek},
  author={Bos, Nick},
  journal={Spiegel Historiael},
  volume={24},
  pages={120--126},
  year={1989}
}

@article{de2020exploring,
  title={Exploring Long-term Income and Wealth Inequality in the Netherlands, c. 1880-1960},
  author={De Vicq, Amaury and van der Valk, T. and Moatsos, M.},
  journal={Working Paper},
  year={2020}
}

@Article{kaal2016politics,
  author    = {Kaal, Harm},
  journal   = {European Review of History: Revue Europ{\'e}enne D'histoire},
  title     = {Politics of place: political representation and the culture of electioneering in the Netherlands, c. 1848--1980s},
  year      = {2016},
  number    = {3},
  pages     = {486--507},
  volume    = {23},
  publisher = {Taylor \& Francis},
}

@article{verleden2008parlementaire,
  title={Parlementaire circulatie in de Belgische Kamer van Volksvertegenwoordigers 1831-2008},
  author={Verleden, Frederik and Heyneman, Christophe},
  journal={Res Publica: Tijdschrift voor Politologie},
  volume={50},
  number={3},
  pages={383--408},
  year={2008}
}

@Book{best2000parliamentary,
  author    = {Best, Heinrich And Cotta, Maurizio And Others},
  publisher = {Oxford University Press},
  title     = {Parliamentary representatives in Europe, 1848-2000: legislative recruitment and careers in eleven European countries},
  year      = {2000},
}

@book{rush2001role,
  title={The role of the member of parliament since 1868: from gentlemen to players},
  author={Rush, Michael},
  year={2001},
  publisher={OUP Oxford}
}

@Article{dogan1967filieres,
  author    = {Dogan, Mattei},
  journal   = {Revue Fran{\c{c}}aise De Sociologie},
  title     = {Les fili{\`e}res de la carri{\`e}re politique en France},
  year      = {1967},
  pages     = {468--492},
  publisher = {JSTOR},
}

@book{estebe1982ministres,
  title={Les ministres de la R{\'e}publique: 1871-1914},
  author={Est{\`e}be, Jean},
  year={1982},
  publisher={Presses de la Fondation nationale des sciences politiques}
}

@Article{heerma2000rode,
  author  = {Heerma van Voss, Lex},
  journal = {Jch Blom En J. Talsma Red., De Verzuiling Voorbij. Godsdienst, Stand En Natie in De Lange Negentiende Eeuw},
  title   = {De rode dreiging...... en het verzuilde antwoord},
  year    = {2000},
  pages   = {115--132},
}

@Book{de1986electoraat,
  author    = {De Vries, Boukje Maria Adriana},
  publisher = {De Bataafsche Leeuw},
  title     = {Electoraat en elite: sociale structuur en sociale mobiliteit in Amsterdam, 1850-1895},
  year      = {1986},
  volume    = {13},
}

@Article{dalton1985political,
  author    = {Dalton, Russell J.},
  journal   = {Comparative Political Studies},
  title     = {Political parties and political representation: Party supporters and party elites in nine nations},
  year      = {1985},
  number    = {3},
  pages     = {267--299},
  volume    = {18},
  publisher = {Sage Publications},
}

@Article{berg1999ongelijkheid,
  author    = {Van Den Berg, A. And Hartog, Joop And Others},
  journal   = {Cbs Journal},
  title     = {Honderd jaar ongelijkheid; inkomensverschillen sinds het eind van de negentiende eeuw},
  year      = {1999},
  publisher = {VoorburgCentraal Bureau voor de Statistiek},
}

@Article{de2001antirevolutionaire,
  author    = {De Jong, R},
  journal   = {Jaarboek Documentatiecentrum Nederlandse Politieke Partijen 2001},
  title     = {Antirevolutionaire partijvorming, 1848-1879: een afwijkende visie},
  year      = {2001},
  pages     = {213--226},
  publisher = {Documentatiecentrum Nederlandse Politieke Partijen},
}

@Comment{jabref-meta: databaseType:bibtex;}
